
    <marc:record>
        <marc:leader>01249cgm a22002775a 4500</marc:leader>
        <marc:controlfield tag="001">12152593</marc:controlfield>
        <marc:controlfield tag="005">20130701085617.0</marc:controlfield>
        <marc:controlfield tag="007">v||||||||</marc:controlfield>
        <marc:controlfield tag="008">000823s1998    xx ---            vleng  </marc:controlfield>
        <marc:datafield tag="906" ind1=" " ind2=" ">
            <marc:subfield code="a">0</marc:subfield>
            <marc:subfield code="b">cbc</marc:subfield>
            <marc:subfield code="c">orignew</marc:subfield>
            <marc:subfield code="d">u</marc:subfield>
            <marc:subfield code="e">ncip</marc:subfield>
            <marc:subfield code="f">20</marc:subfield>
            <marc:subfield code="g">y-movingim</marc:subfield>
        </marc:datafield>
        <marc:datafield tag="010" ind1=" " ind2=" ">
            <marc:subfield code="a">   00571910 </marc:subfield>
        </marc:datafield>
        <marc:datafield tag="017" ind1=" " ind2=" ">
            <marc:subfield code="a">PA936-927</marc:subfield>
            <marc:subfield code="b">U.S. Copyright Office</marc:subfield>
        </marc:datafield>
        <marc:datafield tag="040" ind1=" " ind2=" ">
            <marc:subfield code="a">DLC</marc:subfield>
            <marc:subfield code="c">DLC</marc:subfield>
            <marc:subfield code="d">DLC</marc:subfield>
            <marc:subfield code="e">amim</marc:subfield>
            <marc:subfield code="d">DLC</marc:subfield>
        </marc:datafield>
        <marc:datafield tag="050" ind1="0" ind2="0">
            <marc:subfield code="a">VBP 5288 (viewing copy)</marc:subfield>
        </marc:datafield>
        <marc:datafield tag="245" ind1="0" ind2="3">
            <marc:subfield code="a">La femme Nikita.</marc:subfield>
            <marc:subfield code="p">Darkness visible /</marc:subfield>
            <marc:subfield code="c">directed by Ken Girotti.</marc:subfield>
        </marc:datafield>
        <marc:datafield tag="246" ind1="3" ind2="0">
            <marc:subfield code="a">Darkness visible</marc:subfield>
        </marc:datafield>
        <marc:datafield tag="246" ind1="3" ind2=" ">
            <marc:subfield code="a">Nikita.</marc:subfield>
            <marc:subfield code="p">Darkness visible</marc:subfield>
        </marc:datafield>
        <marc:datafield tag="260" ind1=" " ind2=" ">
            <marc:subfield code="c">1998.</marc:subfield>
        </marc:datafield>
        <marc:datafield tag="300" ind1=" " ind2=" ">
            <marc:subfield code="a">1 videocassette of 1 :</marc:subfield>
            <marc:subfield code="b">sd., col. ;</marc:subfield>
            <marc:subfield code="c">3/4 in. viewing copy.</marc:subfield>
        </marc:datafield>
        <marc:datafield tag="500" ind1=" " ind2=" ">
            <marc:subfield code="a">Copyright: Warner Brothers Domestic Television Distribution, a division of Time Warner Entertainment Company, LP. Appl. au.: LFN Productions, Inc. DCR 1998; PUB 29Mar98; REG 8Jul99; PA936-927.</marc:subfield>
        </marc:datafield>
        <marc:datafield tag="500" ind1=" " ind2=" ">
            <marc:subfield code="a">Series title also known as Nikita per Internet movie data base, 8/23/2000.</marc:subfield>
        </marc:datafield>
        <marc:datafield tag="500" ind1=" " ind2=" ">
            <marc:subfield code="a">No. 208.</marc:subfield>
        </marc:datafield>
        <marc:datafield tag="500" ind1=" " ind2=" ">
            <marc:subfield code="a">Sources used: copyright data base; Internet movie data base.</marc:subfield>
        </marc:datafield>
        <marc:datafield tag="541" ind1=" " ind2=" ">
            <marc:subfield code="d">Received: 8/23/1999;</marc:subfield>
            <marc:subfield code="3">viewing copy;</marc:subfield>
            <marc:subfield code="c">copyright deposit--RNR;</marc:subfield>
            <marc:subfield code="a">Copyright Collection.</marc:subfield>
        </marc:datafield>
        <marc:datafield tag="655" ind1=" " ind2="7">
            <marc:subfield code="a">Action and adventure television programs.</marc:subfield>
            <marc:subfield code="2">lcgft</marc:subfield>
        </marc:datafield>
        <marc:datafield tag="710" ind1="2" ind2=" ">
            <marc:subfield code="a">Copyright Collection (Library of Congress)</marc:subfield>
            <marc:subfield code="5">DLC</marc:subfield>
        </marc:datafield>
    </marc:record>