
    <marc:record>
        <marc:leader>01090ccm a2200301 a 4500</marc:leader>
        <marc:controlfield tag="001">11941645</marc:controlfield>
        <marc:controlfield tag="005">20101224071508.0</marc:controlfield>
        <marc:controlfield tag="008">000315s1998    enkuuz         n        d</marc:controlfield>
        <marc:datafield tag="906" ind1=" " ind2=" ">
            <marc:subfield code="a">7</marc:subfield>
            <marc:subfield code="b">cbc</marc:subfield>
            <marc:subfield code="c">copycat</marc:subfield>
            <marc:subfield code="d">4</marc:subfield>
            <marc:subfield code="e">ncip</marc:subfield>
            <marc:subfield code="f">20</marc:subfield>
            <marc:subfield code="g">y-genmusic</marc:subfield>
        </marc:datafield>
        <marc:datafield tag="925" ind1="0" ind2=" ">
            <marc:subfield code="a">acquire</marc:subfield>
            <marc:subfield code="b">2 shelf copies</marc:subfield>
            <marc:subfield code="x">policy default</marc:subfield>
        </marc:datafield>
        <marc:datafield tag="955" ind1=" " ind2=" ">
            <marc:subfield code="a">vl15 03-15-00; vl19 03-16-00; to Music Division 03-16-00</marc:subfield>
        </marc:datafield>
        <marc:datafield tag="010" ind1=" " ind2=" ">
            <marc:subfield code="a">   00512423 </marc:subfield>
        </marc:datafield>
        <marc:datafield tag="020" ind1=" " ind2=" ">
            <marc:subfield code="a">0571518044</marc:subfield>
        </marc:datafield>
        <marc:datafield tag="035" ind1=" " ind2=" ">
            <marc:subfield code="a">(OCoLC)ocm40643492</marc:subfield>
        </marc:datafield>
        <marc:datafield tag="040" ind1=" " ind2=" ">
            <marc:subfield code="a">CUS</marc:subfield>
            <marc:subfield code="c">CUS</marc:subfield>
            <marc:subfield code="d">DLC</marc:subfield>
        </marc:datafield>
        <marc:datafield tag="042" ind1=" " ind2=" ">
            <marc:subfield code="a">lccopycat</marc:subfield>
        </marc:datafield>
        <marc:datafield tag="048" ind1=" " ind2=" ">
            <marc:subfield code="a">ka01</marc:subfield>
        </marc:datafield>
        <marc:datafield tag="050" ind1="0" ind2="0">
            <marc:subfield code="a">M25</marc:subfield>
            <marc:subfield code="b">.A</marc:subfield>
        </marc:datafield>
        <marc:datafield tag="100" ind1="1" ind2=" ">
            <marc:subfield code="a">Adès, Thomas.</marc:subfield>
        </marc:datafield>
        <marc:datafield tag="245" ind1="1" ind2="0">
            <marc:subfield code="a">Darknesse visible :</marc:subfield>
            <marc:subfield code="b">for solo piano : after John Dowland, 1992 /</marc:subfield>
            <marc:subfield code="c">Thomas Adès.</marc:subfield>
        </marc:datafield>
        <marc:datafield tag="260" ind1=" " ind2=" ">
            <marc:subfield code="a">London :</marc:subfield>
            <marc:subfield code="b">Faber Music,</marc:subfield>
            <marc:subfield code="c">c1998.</marc:subfield>
        </marc:datafield>
        <marc:datafield tag="300" ind1=" " ind2=" ">
            <marc:subfield code="a">5 p. of music ;</marc:subfield>
            <marc:subfield code="c">31 cm.</marc:subfield>
        </marc:datafield>
        <marc:datafield tag="306" ind1=" " ind2=" ">
            <marc:subfield code="a">000700</marc:subfield>
        </marc:datafield>
        <marc:datafield tag="500" ind1=" " ind2=" ">
            <marc:subfield code="a">&quot;This pieces is an explosion of John Dowland's lute song, In darknesse let mee dwell...&quot;--T.p.</marc:subfield>
        </marc:datafield>
        <marc:datafield tag="500" ind1=" " ind2=" ">
            <marc:subfield code="a">Duration: 7:00.</marc:subfield>
        </marc:datafield>
        <marc:datafield tag="650" ind1=" " ind2="0">
            <marc:subfield code="a">Piano music.</marc:subfield>
        </marc:datafield>
        <marc:datafield tag="700" ind1="1" ind2=" ">
            <marc:subfield code="a">Dowland, John,</marc:subfield>
            <marc:subfield code="d">1563?-1626.</marc:subfield>
            <marc:subfield code="t">In darkness let me dwell.</marc:subfield>
        </marc:datafield>
        <marc:datafield tag="856" ind1="4" ind2="2">
            <marc:subfield code="3">Publisher description</marc:subfield>
            <marc:subfield code="u">http://www.loc.gov/catdir/enhancements/fy1106/00512423-d.html</marc:subfield>
        </marc:datafield>
    </marc:record>