
    <marc:record>
        <marc:leader>01072cgm a22002653a 4500</marc:leader>
        <marc:controlfield tag="001">12896483</marc:controlfield>
        <marc:controlfield tag="005">20130916112145.0</marc:controlfield>
        <marc:controlfield tag="007">vf ccahr|</marc:controlfield>
        <marc:controlfield tag="008">020815s1999    xxu060            mleng  </marc:controlfield>
        <marc:datafield tag="906" ind1=" " ind2=" ">
            <marc:subfield code="a">0</marc:subfield>
            <marc:subfield code="b">cbc</marc:subfield>
            <marc:subfield code="c">orignew</marc:subfield>
            <marc:subfield code="d">u</marc:subfield>
            <marc:subfield code="e">ncip</marc:subfield>
            <marc:subfield code="f">20</marc:subfield>
            <marc:subfield code="g">y-movingim</marc:subfield>
        </marc:datafield>
        <marc:datafield tag="010" ind1=" " ind2=" ">
            <marc:subfield code="a">  2002638956</marc:subfield>
        </marc:datafield>
        <marc:datafield tag="017" ind1=" " ind2=" ">
            <marc:subfield code="a">PA937-191</marc:subfield>
            <marc:subfield code="b">U.S. Copyright Office</marc:subfield>
        </marc:datafield>
        <marc:datafield tag="040" ind1=" " ind2=" ">
            <marc:subfield code="a">DLC</marc:subfield>
            <marc:subfield code="c">DLC</marc:subfield>
            <marc:subfield code="e">amim</marc:subfield>
            <marc:subfield code="d">DLC</marc:subfield>
        </marc:datafield>
        <marc:datafield tag="050" ind1="0" ind2="0">
            <marc:subfield code="a">VBP 5399 (viewing copy)</marc:subfield>
        </marc:datafield>
        <marc:datafield tag="240" ind1=" " ind2="0">
            <marc:subfield code="a">Darkness visible</marc:subfield>
        </marc:datafield>
        <marc:datafield tag="245" ind1="0" ind2="0">
            <marc:subfield code="a">Promised land.</marc:subfield>
            <marc:subfield code="p">Darkness visible /</marc:subfield>
            <marc:subfield code="c">directed by Stuart Margolin.</marc:subfield>
        </marc:datafield>
        <marc:datafield tag="246" ind1="3" ind2="0">
            <marc:subfield code="a">Darkness visible</marc:subfield>
        </marc:datafield>
        <marc:datafield tag="260" ind1=" " ind2=" ">
            <marc:subfield code="c">1999.</marc:subfield>
        </marc:datafield>
        <marc:datafield tag="300" ind1=" " ind2=" ">
            <marc:subfield code="a">1 videocassette of 1 (ca. 60 min.) :</marc:subfield>
            <marc:subfield code="b">sd. col. ;</marc:subfield>
            <marc:subfield code="c">3/4 in.</marc:subfield>
            <marc:subfield code="3">viewing copy.</marc:subfield>
        </marc:datafield>
        <marc:datafield tag="500" ind1=" " ind2=" ">
            <marc:subfield code="a">Copyright: CBS Worldwide, Inc. Appl. au.: CBS Broadcasting, Inc. DCR 1999; PUB 13May99; REG 30Jun99; PA937-191.</marc:subfield>
        </marc:datafield>
        <marc:datafield tag="500" ind1=" " ind2=" ">
            <marc:subfield code="a">Number 321.</marc:subfield>
        </marc:datafield>
        <marc:datafield tag="500" ind1=" " ind2=" ">
            <marc:subfield code="a">Source used: copyright data base.</marc:subfield>
        </marc:datafield>
        <marc:datafield tag="541" ind1=" " ind2=" ">
            <marc:subfield code="d">Received: 8-23-1999;</marc:subfield>
            <marc:subfield code="3">viewing copy;</marc:subfield>
            <marc:subfield code="c">copyright deposit--RNR;</marc:subfield>
            <marc:subfield code="a">Copyright Collection.</marc:subfield>
        </marc:datafield>
        <marc:datafield tag="655" ind1=" " ind2="7">
            <marc:subfield code="a">Family</marc:subfield>
            <marc:subfield code="v">Television series.</marc:subfield>
            <marc:subfield code="2">migfg</marc:subfield>
        </marc:datafield>
        <marc:datafield tag="655" ind1=" " ind2="7">
            <marc:subfield code="a">Action and adventure television programs.</marc:subfield>
            <marc:subfield code="2">lcgft</marc:subfield>
        </marc:datafield>
        <marc:datafield tag="710" ind1="2" ind2=" ">
            <marc:subfield code="a">Copyright Collection (Library of Congress)</marc:subfield>
            <marc:subfield code="5">DLC</marc:subfield>
        </marc:datafield>
    </marc:record>
</marc:collection>
